@online{refraction_network,
    author = "Refraction Network Team",
    title = "Refraction Network",
    url  = "https://refraction.network",
    addendum = "Accessed 2024-04-04",
}

@article{tapdance, title={TapDance: End-to-Middle Anticensorship without Flow Blocking}, volume={39}, number={6}, journal={USENIX Security Symposium}, author={Wustrow, Eric and Swanson, Colleen M. and Halderman, J. Alex}, year={2014}, month={Dec}} 